@article{Zhang2014Channel,
  title={Channel-Hopping-Based Communication Rendezvous in Cognitive Radio Networks},
  author={Zhang, Yifan and Yu, Gexin and Li, Qun and Wang, Haodong and Zhu, Xiaojun and Wang, Baosheng},
  journal={IEEE/ACM Transactions on Networking},
  volume={22},
  number={3},
  pages={889-902},
  year={2014},
}

@inproceedings{Min2014A,
  title={A Novel Multi-Bit Decision Adaptive Cooperative Spectrum Sensing Algorithm Based on Trust Valuations in Cognitive OFDM System},
  author={Min, Jia and Wang, Xinyu and Guo, Qing and Gu, Xuemai},
  booktitle={Vehicular Technology Conference},
  pages={1-5},
  year={2014},
}

@inproceedings{Jia2010Analysis,
  title={Analysis of Key Technologies for Cognitive Radio Based Wireless Sensor Networks},
  author={Jia, J. G. and He, Z. W. and Kuang, J. M. and Wang, H. F.},
  booktitle={International Conference on Wireless Communications NETWORKING and Mobile Computing},
  pages={1-5},
  year={2010},
}

@inproceedings{Li2013Economic,
  title={Economic-robust transmission opportunity auction in multi-hop wireless networks},
  author={Li, Ming and Li, Pan and Pan, Miao and Sun, Jinyuan},
  booktitle={INFOCOM, 2013 Proceedings IEEE},
  pages={1842-1850},
  year={2013},
}

@article{Jia2008HC,
  title={HC-MAC: A Hardware-Constrained Cognitive MAC for Efficient Spectrum Management},
  author={Jia, Juncheng and Zhang, Qian and Shen, Xuemin},
  journal={Selected Areas in Communications IEEE Journal on},
  volume={26},
  number={1},
  pages={106-117},
  year={2008},
}

@inproceedings{Kondareddy2009Cognitive,
  title={Cognitive Radio Network setup without a Common Control Channel},
  author={Kondareddy, Yogesh R. and Agrawal, Prathima and Sivalingam, Krishna},
  booktitle={Military Communications Conference, 2008. Milcom},
  pages={1-6},
  year={2009},
}

@inproceedings{Ma2005Dynamic,
  title={Dynamic open spectrum sharing MAC protocol for wireless ad hoc networks},
  author={Ma, Liangping and Han, Xiaofeng and Shen, Chien Chung},
  booktitle={IEEE International Symposium on New Frontiers in Dynamic Spectrum Access Networks},
  pages={203-213},
  year={2005},
}

@inproceedings{Perez2007A,
  title={A Novel On-Demand Cognitive Pilot Channel Enabling Dynamic Spectrum Allocation},
  author={Perez-Romero, J and Sallent, O and Agusti, R and Giupponi, L},
  booktitle={IEEE International Symposium on New Frontiers in Dynamic Spectrum Access Networks},
  pages={46-54},
  year={2007},
}



@article{Lin2013Enhanced,
  title={Enhanced Jump-Stay Rendezvous Algorithm for Cognitive Radio Networks},
  author={Lin, Zhiyong and Liu, Hai and Chu, Xiaowen and Leung, Yiu Wing},
  journal={IEEE Communications Letters},
  volume={17},
  number={9},
  pages={1742-1745},
  year={2013},
}

@inproceedings{Gu2013Nearly,
  title={Nearly optimal asynchronous blind rendezvous algorithm for Cognitive Radio Networks},
  author={Gu, Zhaoquan and Hua, Qiang Sheng and Wang, Yuexuan and Lau, Francis C. M.},
  booktitle={Sensor, Mesh and Ad Hoc Communications and Networks},
  pages={371-379},
  year={2013},
}

@article{Shin2010A,
  title={A Channel Rendezvous Scheme for Cognitive Radio Networks},
  author={Shin, Jongmin and Yang, Dongmin and Kim, Cheeha},
  journal={IEEE Communications Letters},
  volume={14},
  number={10},
  pages={954-956},
  year={2010},
}

@inproceedings{Wu2013On,
  title={On bridging the gap between homogeneous and heterogeneous rendezvous schemes for cognitive radios},
  author={Wu, Ching Chan and Wu, Shan Hung},
  booktitle={Fourteenth ACM International Symposium on Mobile Ad Hoc NETWORKING and Computing},
  pages={207-216},
  year={2013},
}

@article{Wu2014Rendezvous,
  title={Rendezvous for heterogeneous spectrum-agile devices},
  author={Wu, Shan Hung and Wu, Ching Chan and Hon, Wing Kai and Shin, Kang G},
  journal={Proceedings - IEEE INFOCOM},
  pages={2247-2255},
  year={2014},
}

@inproceedings{Bian2009A,
  title={A quorum-based framework for establishing control channels in dynamic spectrum access networks},
  author={Bian, Kaigui and Park, Jung Min and Chen, Ruiliang},
  booktitle={International Conference on Mobile Computing and Networking, MOBICOM 2009, Beijing, China, September},
  pages={25-36},
  year={2009},
}

@article{Bian2011Control,
  title={Control Channel Establishment in Cognitive Radio Networks using Channel Hopping},
  author={Bian, Kaigui and Park, Jung Min and Chen, Ruiliang},
  journal={IEEE Journal on Selected Areas in Communications},
  volume={29},
  number={4},
  pages={689-703},
  year={2011},
}

@inproceedings{Gu2014Fully,
  title={Fully distributed algorithms for blind rendezvous in cognitive radio networks},
  author={Gu, Zhaoquan and Hua, Qiang Sheng and Dai, Weiguo},
  booktitle={ACM International Symposium on Mobile Ad Hoc NETWORKING and Computing},
  pages={155-164},
  year={2014},
}

@inproceedings{Wu2014CACH,
  title={CACH: Cycle-Adjustable Channel hopping for control channel establishment in cognitive radio networks},
  author={Wu, Tsung Ying and Liao, Wanjiun and Chang, Cheng Shang},
  booktitle={INFOCOM, 2014 Proceedings IEEE},
  pages={2706-2714},
  year={2014},
}

@article{Chawla2017Comprehensive,
  title={Comprehensive asynchronous symmetric rendezvous algorithm in cognitive radio networks},
  author={Chawla, Meenu and Ukey, Aishwarya Sagar Anand and Reshma, P.},
  journal={Sadhana},
  pages={1-10},
  year={2017},
}

@inproceedings{Chen2014A,
  title={A group-theoretic framework for rendezvous in heterogeneous cognitive radio networks},
  author={Chen, Lin and Bian, Kaigui and Chen, Lin and Liu, Cong and Park, Jung Min Jerry and Li, Xiaoming},
  booktitle={ACM International Symposium on Mobile Ad Hoc NETWORKING and Computing},
  pages={165-174},
  year={2014},
}

@inproceedings{Gu2015Improved,
  title={Improved rendezvous algorithms for heterogeneous cognitive radio networks},
  author={Gu, Zhaoquan and Pu, Haosen and Hua, Qiang Sheng and Lau, Francis C M.},
  booktitle={Computer Communications},
  pages={154-162},
  year={2015},
}

@inproceedings{Yang2016A,
  title={A time-efficient rendezvous algorithm with a full rendezvous degree for heterogeneous cognitive radio networks},
  author={Yang, Bo and Zheng, Meng and Liang, Wei},
  booktitle={IEEE INFOCOM 2016 - the  IEEE International Conference on Computer Communications},
  pages={1-9},
  year={2016},
}

@inproceedings{Li2014Deterministic,
  title={Deterministic distributed rendezvous algorithms for multi-radio cognitive radio networks},
  author={Li, Guyue and Gu, Zhaoquan and Lin, Xiao and Pu, Haosen and Hua, Qiang Sheng},
  booktitle={ACM International Conference on Modeling, Analysis and Simulation of Wireless and Mobile Systems},
  pages={313-320},
  year={2014},
}

@inproceedings{Yu2015Adjustable,
  title={Adjustable Rendezvous in Multi-Radio Cognitive Radio Networks},
  author={Yu, Lu and Liu, Hai and Leung, Yiu Wing and Chu, Xiaowen},
  booktitle={IEEE Global Communications Conference},
  pages={1-7},
  year={2015},
}

@article{Yang2016Fully,
  title={Fully Distributed Channel-Hopping Algorithms for Rendezvous Setup in Cognitive Multiradio Networks},
  author={Yang, Bo and Liang, Wei and Zheng, Meng and Liang, Ying Chang},
  journal={IEEE Transactions on Vehicular Technology},
  volume={65},
  number={10},
  pages={8629-8643},
  year={2016},
}

@article{liu2012jump,
  title={Jump-stay rendezvous algorithm for cognitive radio networks},
  author={Liu, Hai and Lin, Zhiyong and Chu, Xiaowen and Leung, Yiu-Wing},
  journal={IEEE Transactions on Parallel and Distributed Systems},
  volume={23},
  number={10},
  pages={1867--1881},
  year={2012},
  publisher={IEEE}
}

@inproceedings{Mohapatra2016ASCH,
  title={ASCH: A novel asymmetric synchronous channel hopping algorithm for Cognitive Radio Networks},
  author={Mohapatra, Sulagna and Sahoo, Prasan Kumar},
  booktitle={IEEE International Conference on Communications},
  pages={1-6},
  year={2016},
}

